%% This BibTeX bibliography file was created using BibDesk.
%% http://bibdesk.sourceforge.net/
% Encoding: UTF-8


@article{AgrimoniaDataset,
    author={Rodeschini, Alessandro Fassò Jacopo and Moro, Alessandro Fusta and Shaboviq, Qendrim and Maranzano, Paolo and Cameletti, Michela and Finazzi, Francesco and Golini, Natalia and Ignaccolo, Rosaria and Otto, Philipp},
    title={Agrimonia: a dataset on livestock, meteorology and air quality in the Lombardy region, Italy},
    year={2023},

    volume={10},
    ISSN={2052-4463},
    url={http://dx.doi.org/10.1038/s41597-023-02034-0},
    DOI={10.1038/s41597-023-02034-0},
    number={1},
    journal={Scientific Data},
    publisher={Springer Science and Business Media LLC},
    month=mar }

@article{Mueller2011,
    author = {Müller, Peter and Quintana, Fernando A and Rosner, Gary L. },
    title = {A Product Partition Model With Regression on Covariates},
    year = {2011},

    journal = {Journal of Computational and Graphical Statistics},
    volume = {20},
    number = {1},
    pages = {260-278},
    publisher = {Taylor & Francis},
    doi = {10.1198/jcgs.2011.09066},
    note ={PMID: 21566678},
    URL = { https://doi.org/10.1198/jcgs.2011.09066},
    eprint = { https://doi.org/10.1198/jcgs.2011.09066 } }

@article{Page2016-Spatial,
    author = {Page, Garritt L. and Quintana, Fernando A.},
    title = {{Spatial Product Partition Models}},
    year = {2016},

    volume = {11},
    journal = {Bayesian Analysis},
    number = {1},
    publisher = {International Society for Bayesian Analysis},
    pages = {265 -- 298},
    keywords = {Product partition models, spatial clustering, spatial prediction, spatial smoothing},
    doi = {10.1214/15-BA971},
    URL = {https://doi.org/10.1214/15-BA971}
}

@article{Page2017-Covariate,
    author = {Page, Garritt L. and Quintana, Fernando A.},
    title = {Calibrating covariate informed product partition models},
    year = {2017},
    
    journal = {Statistics and Computing},
    volume = {28},
    pages = {1009 -- 1031},
    doi = {10.1007/s11222-017-9777-z},
    URL = {https://doi.org/10.1007/s11222-017-9777-z},
}

@misc{Page2021-Temporal,
    author={Page, Garritt L. and Quintana, Fernando A. and Dahl, David B.},
    title={Dependent Modeling of Temporal Sequences of Random Partitions},
    year={2021},
    
    eprint={1912.11542},
    archivePrefix={arXiv},
    primaryClass={stat.ME}
}

@article{Page2022-SpatioTemporal,
    author = {Page, Garritt L. and Quintana, Fernando A. and Dahl, David B.},
    title = {Spatio-Temporal Random Partition Models},
    year = {2022},

    url = {https://arxiv.org/pdf/1912.11542v1.pdf}
}

@misc{lecturenotes,
  author       = {Guglielmi, Alessandra}, 
  title        = {Bayesian Statistics: Lecture Notes},
  year         = 2023
}

@Manual{R,
    title = {R: A Language and Environment for Statistical Computing},
    author = {{R Core Team}},
    organization = {R Foundation for Statistical Computing},
    address = {Vienna, Austria},
    year = {2023},
    url = {https://www.R-project.org/},
}

@Manual{ppmSuite,
    title = {Package ‘ppmSuite’: A Collection of Models that Employ Product Partition Distributions as a Prior on Partitions},
    author = {Page, Garritt L. and Quinlan, Jose J. and Curtis, S. McKay and Neal, Radford M. },
    year = {2023},
    note = {version 0.3.4},
    url = {https://cran.r-project.org/web/packages/ppmSuite/index.html}
}

@Manual{drpm,
    title = {Package 'drpm': Dependent Random Partition Model},
    author = {Page, Garritt L.},
    note = {version 0.1.2},
    url = {https://github.com/gpage2990/drpm}
}

@Manual{salso,
    title = {Package 'salso': Search Algorithms and Loss Functions for Bayesian Clustering},
    author = {Dahl, David B. and Johnson, Devin J and et al.},
    note = {version 0.3.35},
    year = {2023},
    url = {https://github.com/dbdahl/salso}
}

@book{Rosner,
    title = {Bayesian Thinking in Biostatistics},
    author = {Rosner, G.L. and Laud, P.W. and Johnson, W.O.},
    year = {2021},
    note = {1st edition},
    url = {https://doi.org/10.1201/9781439800102},
    publisher = {Chapman and Hall/CRC}
}

@article{Dahl2022-salso,
    author = {Dahl, David B. and Johnson, Devin J. and Müller, Peter},
    title = {Search Algorithms and Loss Functions for Bayesian Clustering},
    journal = {Journal of Computational and Graphical Statistics},
    volume = {31},
    number = {4},
    pages = {1189-1201},
    year = {2022},
    publisher = {Taylor & Francis},
    doi = {10.1080/10618600.2022.2069779},
    URL = {https://doi.org/10.1080/10618600.2022.2069779},
    eprint = {https://doi.org/10.1080/10618600.2022.2069779}
}

%%%%%%%%%%%%%%%%%%%%%%%%%%%%%%%%%%%%%%%%%

@book{lamport94,
    title = {LaTeX: A Document Preparation System},
    author = {Lamport, Leslie},
    year = {1994},
    publisher = {Pearson Education India}
}

@article{article,
  author  = {Peter Adams}, 
  title   = {The title of the work},
  journal = {The name of the journal},
  year    = 1993,
  number  = 2,
  pages   = {201-213},
  month   = 7,
  note    = {An optional note}, 
  volume  = 4
}

@book{book,
  author    = {Peter Babington}, 
  title     = {The title of the work},
  publisher = {The name of the publisher},
  year      = 1993,
  volume    = 4,
  series    = 10,
  address   = {The address},
  edition   = 3,
  month     = 7,
  note      = {An optional note},
  isbn      = {3257227892}
}

@booklet{booklet,
  title        = {The title of the work},
  author       = {Peter Caxton}, 
  howpublished = {How it was published},
  address      = {The address of the publisher},
  month        = 7,
  year         = 1993,
  note         = {An optional note}
}

@conference{conference,
  author       = {Peter Draper}, 
  title        = {The title of the work},
  booktitle    = {The title of the book},
  year         = 1993,
  editor       = {The editor},
  volume       = 4,
  series       = 5,
  pages        = 213,
  address      = {The address of the publisher},
  month        = 7,
  organization = {The organization},
  publisher    = {The publisher},
  note         = {An optional note}  
}

@inbook{inbook,
  author       = {Peter Eston}, 
  title        = {The title of the work},
  chapter      = 8,
  pages        = {201-213},
  publisher    = {The name of the publisher},
  year         = 1993,
  volume       = 4,
  series       = 5,
  address      = {The address of the publisher},
  edition      = 3,
  month        = 7,
  note         = {An optional note}
}

@incollection{incollection,
  author       = {Peter Farindon}, 
  title        = {The title of the work},
  booktitle    = {The title of the book},
  publisher    = {The name of the publisher},
  year         = 1993,
  editor       = {The editor},
  volume       = 4,
  series       = 5,
  chapter      = 8,
  pages        = {201-213},
  address      = {The address of the publisher},
  edition      = 3,
  month        = 7,
  note         = {An optional note}
}

@manual{manual,
  title        = {The title of the work},
  author       = {Peter Gainsford}, 
  organization = {The organization},
  address      = {The address of the publisher},
  edition      = 3,
  month        = 7,
  year         = 1993,
  note         = {An optional note}
}

@mastersthesis{mastersthesis,
  author       = {Peter Harwood}, 
  title        = {The title of the work},
  school       = {The school of the thesis},
  year         = 1993,
  address      = {The address of the publisher},
  month        = 7,
  note         = {An optional note}
}

@misc{misc,
  author       = {Peter Isley}, 
  title        = {The title of the work},
  howpublished = {How it was published},
  month        = 7,
  year         = 1993,
  note         = {An optional note}
}

@phdthesis{phdthesis,
  author       = {Peter Joslin}, 
  title        = {The title of the work},
  school       = {The school of the thesis},
  year         = 1993,
  address      = {The address of the publisher},
  month        = 7,
  note         = {An optional note}
}

@proceedings{proceedings,
  title        = {The title of the work},
  year         = 1993,
  editor       = {Peter Kidwelly},
  volume       = 4,
  series       = 5,
  address      = {The address of the publisher},
  month        = 7,
  organization = {The organization},
  publisher    = {The name of the publisher},
  note         = {An optional note}
}

@techreport{techreport,
  author       = {Peter Lambert}, 
  title        = {The title of the work},
  institution  = {The institution that published},
  year         = 1993,
  number       = 2,
  address      = {The address of the publisher},
  month        = 7,
  note         = {An optional note}
}

@unpublished{unpublished,
  author       = {Peter Marcheford}, 
  title        = {The title of the work},
  note         = {An optional note},
  month        = 7,
  year         = 1993
}

@online{online,
  author       = {MultiMedia LLC}, 
  title        = {{MS Windows NT} Kernel Description},
  year         = 1999,
  url          = {http://www.whateveritis.com},
  urldate      = {2010-09-30}
}

@patent{edison,
    title      = {Electric distribution system},
    author     = {Edison, Thomas A.},
    number     = {266793},
    type       = {patentus},
    date       = {1882-10-31}
}

@misc{bibtex,
  author       = {CTAN}, 
  title        = {{B}i{B}{T}e{X} Documentation},
  url          = {https://ctan.org/topic/bibtex-doc},
  year         = {2017}
}

@misc{tikz,
  author       = {CTAN}, 
  title        = {pgf – Create {P}ost{S}cript and {PDF} graphics in {TEX}},
  url          = {https://www.ctan.org/pkg/pgf}
}